@article{Article, 
title={latex.}, 
author={}, 
year={2020}, 
}